@article{knuth1977fast,
  title={Fast pattern matching in strings},
  author={Knuth, Donald E and Morris Jr, James H and Pratt, Vaughan R},
  journal={SIAM journal on computing},
  volume={6},
  number={2},
  pages={323--350},
  year={1977},
  publisher={SIAM}
}

@inproceedings{boyer1977fast,
  title={A fast string searching algorithm},
  author={Boyer, Robert S and Moore, J Strother},
  booktitle={Proceedings of the 19th Annual Symposium on Switching and Automata Theory (swat 1978)},
  pages={62--72},
  year={1977},
  organization={IEEE}
}

@article{aiken1994moss,
  title={MOSS (Measure of Software Similarity)},
  author={Aiken, Alex},
  journal={University of California, Berkeley},
  year={1994},
  note={\url{https://theory.stanford.edu/~aiken/moss/}}
}


@article{alon2019code2vec,
  title={code2vec: Learning Distributed Representations of Code},
  author={Alon, Uri and Brody, Meital and Levy, Omer and Yahav, Eran},
  journal={Proceedings of the ACM on Programming Languages},
  volume={3},
  number={POPL},
  pages={1--29},
  year={2019},
  publisher={ACM},
  doi={10.1145/3290353}
}

@inproceedings{alon2019code2seq,
  title={code2seq: Generating Sequences from Structured Representations of Code},
  author={Alon, Uri and Zilberstein, Matan and Levy, Omer and Yahav, Eran},
  booktitle={International Conference on Learning Representations (ICLR)},
  year={2019},
  doi={10.1023/A:1020518621128}
}

@inproceedings{vaswani2017attention,
  title={Attention is All You Need},
  author={Vaswani, Ashish and Shazeer, Noam and Parmar, Niki and Uszkoreit, Jakob and Jones, Llion and Gomez, Aidan N and Polosukhin, Illia},
  booktitle={Advances in Neural Information Processing Systems (NeurIPS)},
  pages={5998--6008},
  year={2017},
  doi={10.48550/arXiv.1706.03762}
}

@article{mikolov2013efficient,
  title={Efficient Estimation of Word Representations in Vector Space},
  author={Mikolov, Tomas and Chen, Kai and Corrado, Greg and Dean, Jeffrey},
  journal={arXiv preprint arXiv:1301.3781},
  year={2013},
  doi={10.48550/arXiv.1301.3781}
}

@book{aho1986compilers,
    author = {Aho, Alfred V. and Sethi, Ravi and Ullman, Jeffrey D.},
    title = {Compilers: Principles, Techniques, and Tools},
    publisher = {Addison-Wesley},
    year = {1986}
}

@book{muchnick1997advanced,
    author = {Muchnick, Steven S.},
    title = {Advanced Compiler Design and Implementation},
    publisher = {Morgan Kaufmann Publishers},
    year = {1997}
}

@inproceedings{kam2005analyzing,
    author = {Kam, Timothy},
    title = {Analyzing and Understanding Software Artifacts with Abstract Syntax Trees},
    booktitle = {Proceedings of the 2005 International Conference on Software Engineering Research and Practice},
    year = {2005}
}
@article{smith2020enhanced,
  title = {Enhanced Semantic Similarity Detection of Program Code Using Siamese Neural Network},
  author = {Hadiza Lawal Abba, Abubakar Roko, Aminu B. Muhammad,Abba Almu and Abdulgafar Usman},
  journal = {Int. J. Advanced Networking and Applications},
  volume = {14},
  number = {2},
  pages = {5353-5360},
  year = {2022},
}

@inproceedings{zou2010cluster,
  author = {Zou, D. and Long, W. and Ling, Z.},
  title = {A cluster-based plagiarism detection method - Lab report for PAN at CLEF},
  booktitle = {Proceedings of the 4th Workshop on Uncovering Plagiarism, Authorship, and Social Software Misuse},
  year = {2010},
}

@inproceedings{duracik2018source,
  author = {Duracik, M. and Kirsak, E. and Hrkut, P.},
  title = {Source Code Representations for Plagiarism Detection},
  booktitle = {Springer International Publishing AG, part of Springer Nature: CCIS 870},
  year = {2018},
  pages = {61--69},
}
